<record><leader>00000cas a22000007a 4500</leader><controlfield tag="001">236085035</controlfield><controlfield tag="008">080725c20029999kyuwr n       0   a0eng c</controlfield><datafield ind1=" " ind2=" " tag="010"><subfield code="a">  2008213197</subfield></datafield><datafield ind1=" " ind2=" " tag="040"><subfield code="a">NSD</subfield><subfield code="b">eng</subfield><subfield code="c">NSD</subfield><subfield code="d">OCLCQ</subfield></datafield><datafield ind1=" " ind2=" " tag="012"><subfield code="l">1</subfield></datafield><datafield ind1="0" ind2=" " tag="022"><subfield code="a">1943-4669</subfield><subfield code="l">1943-4669</subfield><subfield code="2">1</subfield></datafield><datafield ind1=" " ind2=" " tag="037"><subfield code="b">Farmland Publications, Inc., P.O. Box 159, Columbia, KY 42728</subfield><subfield code="c">$15.00</subfield></datafield><datafield ind1=" " ind2=" " tag="042"><subfield code="a">nsdp</subfield><subfield code="a">pcc</subfield></datafield><datafield ind1="1" ind2="0" tag="050"><subfield code="a">ISSN RECORD</subfield></datafield><datafield ind1="1" ind2="0" tag="082"><subfield code="a">070</subfield><subfield code="2">14</subfield></datafield><datafield ind1=" " ind2="0" tag="222"><subfield code="a">Adair County community voice</subfield></datafield><datafield ind1="0" ind2="0" tag="245"><subfield code="a">Adair County community voice.</subfield></datafield><datafield ind1=" " ind2=" " tag="260"><subfield code="a">Columbia, Ky. :</subfield><subfield code="b">Farmland Publications</subfield></datafield><datafield ind1=" " ind2=" " tag="310"><subfield code="a">Weekly,</subfield><subfield code="b">2007-</subfield></datafield><datafield ind1="1" ind2=" " tag="362"><subfield code="a">Began in 2002.</subfield></datafield><datafield ind1=" " ind2=" " tag="588"><subfield code="a">Description based on: Vol. 6, no. 25 (Apr. 24, 2008); title from caption.</subfield></datafield></record>